
@article{wynen2020leveraging,
  title={Leveraging Machine Learning to Alleviate Hubbard Model Sign Problems},
  author={Wynen, Jan-Lukas and Berkowitz, Evan and Krieg, Stefan and Luu, Thomas and Ostmeyer, Johann},
  journal={arXiv preprint arXiv:2006.11221},
  year={2020}
}

@article{wynen2019avoiding,
  title={Avoiding ergodicity problems in lattice discretizations of the Hubbard model},
  author={Wynen, Jan-Lukas and Berkowitz, Evan and K{\"o}rber, Christopher and L{\"a}hde, Timo A and Luu, Thomas},
  journal={Physical Review B},
  volume={100},
  number={7},
  pages={075141},
  year={2019},
  publisher={APS}
}
